
@Article{rs10122053,
	AUTHOR = {Hu, Yunfeng and Zhang, Qianli and Zhang, Yunzhi and Yan, Huimin},
	TITLE = {A Deep Convolution Neural Network Method for Land Cover Mapping: A Case Study of Qinhuangdao, China},
	JOURNAL = {Remote Sensing},
	VOLUME = {10},
	YEAR = {2018},
	NUMBER = {12},
	ARTICLE-NUMBER = {2053},
	URL = {https://www.mdpi.com/2072-4292/10/12/2053},
	ISSN = {2072-4292},
	DOI = {10.3390/rs10122053}
}

@misc{moraite_2019,
	title={Detecting Ships in Satellite Imagery},
	url={https://medium.com/dataseries/detecting-ships-in-satellite-imagery-7f0ca04e7964},
	journal={Medium},
	author={Moraite, Daniel},
	year={2019},
	month={Apr}
} 

@misc{copernicus,
	title = {{Copernicus} Land Monitoring Service},
	howpublished = {\url{https://land.copernicus.eu}},
	note = {Accessed: 2021-12-23}
}

@misc{duke,
	title= {{Deep learning for rare energy infrastructures} in satellite imagery},
	howpublished = {\url{https://bigdata.duke.edu/projects/deep-learning-rare-energy-infrastructures-satellite-imagery}},
	journal={Deep Learning for Rare Energy Infrastructures in Satellite Imagery},
	publisher={Duke University},
	year={2020}
}

@misc{duke_github, 
	title = {{Github} Deep learning for rare energy infrastructures in satellite imagery},
	howpublished = {\url{https://dataplus-2020.github.io}},
	journal = {Deep Learning for Rare Energy Infrastructures in Satellite Imagery},
	publisher={Duke University}, year={2020}
}

@misc{
	sagar_2019, 
	title={Deep Learning for Ship Detection and Segmentation},
	howpublished = {\url{https://towardsdatascience.com/deep-learning-for-ship-detection-and-segmentation-71d223aca649}},
	journal={Medium},
	publisher={Towards Data Science},
	author={Sagar, Abhinav},
	year={2019},
	month={Nov}
}