@inproceedings{inproceedings,
    author = {Zhang, Zheng and Liu, Yu and Tan, Xin and Zhang, Maojun},
    year = {2014},
    month = {11},
    pages = {},
    title = {Robust Sharpness Metrics Using Reorganized DCT Coefficients for Auto-Focus Application},
    doi = {10.1007/978-3-319-16817-3_12}
}